[gd_scene load_steps=17 format=3 uid="uid://cxveec3u7quyl"]

[ext_resource type="Resource" uid="uid://dvcolmpfi4bo7" path="res://dialogs/beginning.dialogue" id="1_ad6nk"]
[ext_resource type="Texture2D" uid="uid://uq3w3pa7jwj3" path="res://textures/screenshots/aurora_acres.png" id="1_c6pxl"]
[ext_resource type="FontFile" uid="uid://b7wuphvx7botw" path="res://LiberationSerif-Italic.ttf" id="2_2x5mv"]
[ext_resource type="Shader" path="res://shaders/cool_text.gdshader" id="3_sqgpg"]
[ext_resource type="Texture2D" uid="uid://bb6su2e3rqb82" path="res://gispaats_home/textures/intro_circle.png" id="5_64c87"]

[sub_resource type="GDScript" id="GDScript_p3mxj"]
script/source = "extends Button


@export var dialog:DialogueResource
@export var start:String
@export var actualGame:PackedScene
# Called when the node enters the scene tree for the first time.


func _ready():
	if SaveSystem.has(\"GAME_DONE\") and SaveSystem.get_var(\"GAME_DONE\") == true:
		$\"../Epilogue\".visible = true
	if SaveSystem.has(\"SECRET\") and SaveSystem.get_var(\"SECRET\") == true:
		$\"../TextEdit\".text = str(04944630735562720978)
	


func _on_pressed():
	if int($\"../TextEdit\".text) == 04944630735562720978:
		G.temp[\"SECRET\"] = true
		SaveSystem.set_var(\"SECRET\", true)
		SaveSystem.save()
	DialogueManager.show_example_dialogue_balloon(dialog, start)
	
	
	
	$\"../Epilogue\".visible = false
	visible = false


func info(msg:String):
	%InfoLabel.text = msg
	$Anim.stop()
	$Anim.play(\"show_info\")


func start_epilog():
	info(\"The epilogue is not available until version 1.2\")


func activate_code():
	if int($\"../TextEdit\".text) == 04944630735562720978:
		G.temp[\"SECRET\"] = true
		SaveSystem.set_var(\"SECRET\", true)
		SaveSystem.save()
		info(\"Applied student mode\")
	
	else:
		info(\"Code not valid\")
"

[sub_resource type="Animation" id="Animation_fl367"]
length = 0.001
tracks/0/type = "value"
tracks/0/imported = false
tracks/0/enabled = true
tracks/0/path = NodePath("../Info:modulate")
tracks/0/interp = 1
tracks/0/loop_wrap = true
tracks/0/keys = {
"times": PackedFloat32Array(0),
"transitions": PackedFloat32Array(1),
"update": 0,
"values": [Color(1, 1, 1, 0)]
}

[sub_resource type="Animation" id="Animation_wvwir"]
resource_name = "show_info"
length = 6.0
tracks/0/type = "value"
tracks/0/imported = false
tracks/0/enabled = true
tracks/0/path = NodePath("../Info:visible")
tracks/0/interp = 1
tracks/0/loop_wrap = true
tracks/0/keys = {
"times": PackedFloat32Array(),
"transitions": PackedFloat32Array(),
"update": 1,
"values": []
}
tracks/1/type = "value"
tracks/1/imported = false
tracks/1/enabled = true
tracks/1/path = NodePath("../Info:modulate")
tracks/1/interp = 1
tracks/1/loop_wrap = true
tracks/1/keys = {
"times": PackedFloat32Array(0, 0.2, 5.8, 6),
"transitions": PackedFloat32Array(1, 1, 1, 1),
"update": 0,
"values": [Color(1, 1, 1, 0), Color(1, 1, 1, 1), Color(1, 1, 1, 1), Color(1, 1, 1, 0)]
}

[sub_resource type="AnimationLibrary" id="AnimationLibrary_orq3a"]
_data = {
"RESET": SubResource("Animation_fl367"),
"show_info": SubResource("Animation_wvwir")
}

[sub_resource type="FastNoiseLite" id="FastNoiseLite_xxfb3"]
frequency = 0.0631

[sub_resource type="NoiseTexture2D" id="NoiseTexture2D_kc6ht"]
width = 128
height = 128
seamless = true
noise = SubResource("FastNoiseLite_xxfb3")

[sub_resource type="ShaderMaterial" id="ShaderMaterial_230dp"]
shader = ExtResource("3_sqgpg")
shader_parameter/speed = 1.635
shader_parameter/color1 = Color(1, 1, 1, 1)
shader_parameter/color2 = Color(0, 1, 0.584314, 1)
shader_parameter/noise = SubResource("NoiseTexture2D_kc6ht")

[sub_resource type="LabelSettings" id="LabelSettings_vm6an"]
font = ExtResource("2_2x5mv")
font_size = 115

[sub_resource type="LabelSettings" id="LabelSettings_mxvff"]
font = ExtResource("2_2x5mv")
font_size = 43

[sub_resource type="GDScript" id="GDScript_thlh0"]
script/source = "extends Sprite2D


func _process(delta):
	rotation += delta * 0.2
"

[sub_resource type="LabelSettings" id="LabelSettings_j6mfv"]
font_size = 19

[node name="Main" type="Control"]
layout_mode = 3
anchors_preset = 15
anchor_right = 1.0
anchor_bottom = 1.0
grow_horizontal = 2
grow_vertical = 2

[node name="TextureRect" type="TextureRect" parent="."]
z_index = -4
layout_mode = 1
anchors_preset = 15
anchor_right = 1.0
anchor_bottom = 1.0
grow_horizontal = 2
grow_vertical = 2
texture = ExtResource("1_c6pxl")
expand_mode = 1

[node name="Button" type="Button" parent="."]
layout_mode = 1
anchors_preset = 8
anchor_left = 0.5
anchor_top = 0.5
anchor_right = 0.5
anchor_bottom = 0.5
offset_left = -108.0
offset_top = -47.0
offset_right = 108.0
offset_bottom = 63.0
grow_horizontal = 2
grow_vertical = 2
text = "Start game"
script = SubResource("GDScript_p3mxj")
dialog = ExtResource("1_ad6nk")
start = "BeginningFirst"

[node name="Anim" type="AnimationPlayer" parent="Button"]
libraries = {
"": SubResource("AnimationLibrary_orq3a")
}

[node name="Label" type="Label" parent="."]
layout_mode = 0
offset_right = 40.0
offset_bottom = 23.0
text = "Controls:
W A S D for movement
Left Shift for sprinting
Left control for sneaking (if you need it)
Left click to interact and talk to people"

[node name="Title" type="Label" parent="."]
material = SubResource("ShaderMaterial_230dp")
layout_mode = 1
anchors_preset = 5
anchor_left = 0.5
anchor_right = 0.5
offset_left = -351.5
offset_top = 109.0
offset_right = 351.5
offset_bottom = 237.0
grow_horizontal = 2
text = "Calm Compass"
label_settings = SubResource("LabelSettings_vm6an")
horizontal_alignment = 1

[node name="Label" type="Label" parent="Title"]
layout_mode = 1
anchors_preset = 3
anchor_left = 1.0
anchor_top = 1.0
anchor_right = 1.0
anchor_bottom = 1.0
offset_left = -186.0
offset_top = -28.0
offset_bottom = 21.0
grow_horizontal = 0
grow_vertical = 0
text = "(the game)"
label_settings = SubResource("LabelSettings_mxvff")
horizontal_alignment = 1

[node name="Center" type="Control" parent="Title"]
layout_mode = 1
anchors_preset = 8
anchor_left = 0.5
anchor_top = 0.5
anchor_right = 0.5
anchor_bottom = 0.5
offset_left = 0.5
offset_right = 0.5
grow_horizontal = 2
grow_vertical = 2

[node name="Circle" type="Sprite2D" parent="Title/Center"]
z_index = -1
position = Vector2(-30.5, -4)
scale = Vector2(0.523438, 0.523438)
texture = ExtResource("5_64c87")
script = SubResource("GDScript_thlh0")

[node name="TextEdit" type="TextEdit" parent="."]
layout_mode = 1
anchors_preset = 2
anchor_top = 1.0
anchor_bottom = 1.0
offset_top = -35.0
offset_right = 201.0
grow_vertical = 0
placeholder_text = "SECRET CODE..."

[node name="Epilogue" type="Button" parent="."]
layout_mode = 1
anchors_preset = 8
anchor_left = 0.5
anchor_top = 0.5
anchor_right = 0.5
anchor_bottom = 0.5
offset_left = -110.0
offset_top = 68.0
offset_right = 110.0
offset_bottom = 180.0
grow_horizontal = 2
grow_vertical = 2
text = "Start Epilogue"

[node name="ActivateCode" type="Button" parent="."]
layout_mode = 1
anchors_preset = 2
anchor_top = 1.0
anchor_bottom = 1.0
offset_left = 204.0
offset_top = -33.0
offset_right = 248.0
offset_bottom = -2.0
grow_vertical = 0
text = "Save"

[node name="Info" type="ColorRect" parent="."]
modulate = Color(1, 1, 1, 0)
layout_mode = 1
anchors_preset = 7
anchor_left = 0.5
anchor_top = 1.0
anchor_right = 0.5
anchor_bottom = 1.0
offset_left = -190.0
offset_top = -82.0
offset_right = 190.0
offset_bottom = -23.0
grow_horizontal = 2
grow_vertical = 0

[node name="Panel" type="Panel" parent="Info"]
layout_mode = 1
anchors_preset = 15
anchor_right = 1.0
anchor_bottom = 1.0
offset_left = 3.0
offset_top = 2.0
offset_right = -3.0
offset_bottom = -2.0
grow_horizontal = 2
grow_vertical = 2

[node name="InfoLabel" type="Label" parent="Info/Panel"]
unique_name_in_owner = true
layout_mode = 1
anchors_preset = 15
anchor_right = 1.0
anchor_bottom = 1.0
grow_horizontal = 2
grow_vertical = 2
text = "fdsfa"
label_settings = SubResource("LabelSettings_j6mfv")
horizontal_alignment = 1
autowrap_mode = 3

[connection signal="pressed" from="Button" to="Button" method="_on_pressed"]
[connection signal="pressed" from="Epilogue" to="Button" method="start_epilog"]
[connection signal="pressed" from="ActivateCode" to="Button" method="activate_code"]
