[gd_scene load_steps=30 format=3 uid="uid://b0wkxdyoqxhx0"]

[ext_resource type="Script" path="res://addons/zylann.hterrain/hterrain.gd" id="1_4gdlv"]
[ext_resource type="Resource" path="res://addons/zylann.hterrain/data/test_terrain/data.hterrain" id="2_5lux5"]
[ext_resource type="Script" path="res://addons/zylann.hterrain/hterrain_texture_set.gd" id="3_2on8u"]
[ext_resource type="Script" path="res://addons/zylann.hterrain/hterrain_detail_layer.gd" id="4_x4ml4"]
[ext_resource type="Shader" path="res://addons/zylann.hterrain/shaders/grass_sway.gdshader" id="5_mafqx"]
[ext_resource type="ArrayMesh" uid="uid://bnr2eiggv3v6l" path="res://addons/marty_essentials/meshes/grass_tri.obj" id="5_x23h6"]
[ext_resource type="Texture2D" uid="uid://6jmdwj3vn6m0" path="res://addons/zylann.hterrain/tools/icons/icon_detail_layer_node.svg" id="6_4lwod"]
[ext_resource type="Shader" path="res://addons/marty_essentials/shaders/sky.gdshader" id="8_hd73l"]
[ext_resource type="Script" path="res://addons/proton_scatter/src/scatter.gd" id="9_7njrj"]
[ext_resource type="Script" path="res://addons/proton_scatter/src/stack/modifier_stack.gd" id="10_5ypxb"]
[ext_resource type="Script" path="res://addons/proton_scatter/src/modifiers/create_inside_random.gd" id="11_uk2gy"]
[ext_resource type="Script" path="res://addons/proton_scatter/src/modifiers/randomize_transforms.gd" id="12_eo4h7"]
[ext_resource type="Script" path="res://addons/proton_scatter/src/modifiers/relax.gd" id="13_y8346"]
[ext_resource type="Script" path="res://addons/proton_scatter/src/modifiers/project_on_geometry.gd" id="14_ld2ox"]
[ext_resource type="Script" path="res://addons/proton_scatter/src/scatter_item.gd" id="15_vl3sg"]
[ext_resource type="Script" path="res://addons/proton_scatter/src/scatter_shape.gd" id="16_nc817"]
[ext_resource type="Script" path="res://addons/proton_scatter/src/shapes/sphere_shape.gd" id="17_0u4oc"]

[sub_resource type="Resource" id="Resource_wlb6a"]
script = ExtResource("3_2on8u")
mode = 0
textures = [[], []]

[sub_resource type="FastNoiseLite" id="FastNoiseLite_pq4n3"]
frequency = 0.0001

[sub_resource type="NoiseTexture2D" id="NoiseTexture2D_2sjw3"]
noise = SubResource("FastNoiseLite_pq4n3")

[sub_resource type="ShaderMaterial" id="ShaderMaterial_tlbgn"]
shader = ExtResource("8_hd73l")
shader_parameter/day_top_color = Color(0.1, 0.6, 1, 1)
shader_parameter/day_bottom_color = Color(0.4, 0.8, 1, 1)
shader_parameter/sunset_top_color = Color(0.7, 0.75, 1, 1)
shader_parameter/sunset_bottom_color = Color(1, 0.5, 0.7, 1)
shader_parameter/night_top_color = Color(0.02, 0, 0.04, 1)
shader_parameter/night_bottom_color = Color(0.1, 0, 0.2, 1)
shader_parameter/horizon_color = Color(0, 0.7, 0.8, 1)
shader_parameter/horizon_blur = 0.05
shader_parameter/sun_color = Color(10, 8, 1, 1)
shader_parameter/sun_sunset_color = Color(10, 0, 0, 1)
shader_parameter/sun_size = 0.2
shader_parameter/sun_blur = 10.0
shader_parameter/moon_color = Color(1, 0.95, 0.7, 1)
shader_parameter/moon_size = 0.06
shader_parameter/moon_blur = 0.1
shader_parameter/clouds_edge_color = Color(0.8, 0.8, 0.98, 1)
shader_parameter/clouds_top_color = Color(1, 1, 1, 1)
shader_parameter/clouds_middle_color = Color(0.92, 0.92, 0.98, 1)
shader_parameter/clouds_bottom_color = Color(0.83, 0.83, 0.94, 1)
shader_parameter/clouds_speed = 2.0
shader_parameter/clouds_direction = 0.2
shader_parameter/clouds_scale = 1.0
shader_parameter/clouds_cutoff = 0.3
shader_parameter/clouds_fuzziness = 0.5
shader_parameter/clouds_weight = 0.0
shader_parameter/clouds_blur = 0.25
shader_parameter/stars_speed = 1.0
shader_parameter/overwritten_time = 0.0

[sub_resource type="Sky" id="Sky_iowec"]
sky_material = SubResource("ShaderMaterial_tlbgn")

[sub_resource type="Environment" id="Environment_ge5sk"]
background_mode = 2
sky = SubResource("Sky_iowec")
tonemap_mode = 3
tonemap_exposure = 0.49
tonemap_white = 0.18
glow_intensity = 0.09
glow_strength = 1.24
glow_hdr_threshold = 0.26
fog_enabled = true
fog_light_color = Color(0.72549, 0.552941, 0.858824, 1)
fog_light_energy = 0.8
fog_sun_scatter = 0.12
fog_density = 0.0025
fog_sky_affect = 0.348
volumetric_fog_anisotropy = 0.9
adjustment_contrast = 0.9
adjustment_saturation = 1.2

[sub_resource type="Resource" id="Resource_cd5xg"]
script = ExtResource("11_uk2gy")
amount = 100
enabled = true
override_global_seed = false
custom_seed = 0
restrict_height = true
reference_frame = 1

[sub_resource type="Resource" id="Resource_3vup2"]
script = ExtResource("12_eo4h7")
position = Vector3(0.15, 0.15, 0.15)
rotation = Vector3(20, 360, 20)
scale = Vector3(0.1, 0.1, 0.1)
enabled = true
override_global_seed = false
custom_seed = 0
restrict_height = false
reference_frame = 2

[sub_resource type="Resource" id="Resource_fjcm7"]
script = ExtResource("13_y8346")
iterations = 3
offset_step = 0.2
consecutive_step_multiplier = 0.75
use_computeshader = true
enabled = true
override_global_seed = false
custom_seed = 0
restrict_height = true
reference_frame = 0

[sub_resource type="Resource" id="Resource_0cgwi"]
script = ExtResource("14_ld2ox")
ray_direction = Vector3(0, -1, 0)
ray_length = 20.0
ray_offset = 5.0
remove_points_on_miss = true
align_with_collision_normal = false
max_slope = 90.0
collision_mask = 1
exclude_mask = 0
enabled = true
override_global_seed = false
custom_seed = 0
restrict_height = false
reference_frame = 0

[sub_resource type="Resource" id="Resource_1x02c"]
script = ExtResource("10_5ypxb")
stack = Array[Resource("res://addons/proton_scatter/src/modifiers/base_modifier.gd")]([SubResource("Resource_cd5xg"), SubResource("Resource_3vup2"), SubResource("Resource_fjcm7"), SubResource("Resource_0cgwi")])

[sub_resource type="Resource" id="Resource_g8bsm"]
script = ExtResource("17_0u4oc")
radius = 27.2671

[node name="TestScene1" type="Node3D"]

[node name="HTerrain" type="Node3D" parent="."]
script = ExtResource("1_4gdlv")
_terrain_data = ExtResource("2_5lux5")
chunk_size = 16
collision_enabled = true
collision_layer = 1
collision_mask = 1
shader_type = "Classic4Lite"
custom_shader = null
custom_globalmap_shader = null
texture_set = SubResource("Resource_wlb6a")
render_layers = 1
cast_shadow = 1
shader_params/u_ground_uv_scale = 20
shader_params/u_depth_blending = true
shader_params/u_triplanar = null
shader_params/u_tile_reduction = null

[node name="HTerrainDetailLayer" type="Node3D" parent="HTerrain"]
script = ExtResource("4_x4ml4")
custom_shader = ExtResource("5_mafqx")
density = 1.535
instance_mesh = ExtResource("5_x23h6")
shader_params/topColor = null
shader_params/bottomColor = Color(1, 1, 1, 1)
shader_params/metallic = null
shader_params/windStrength = 0.19
shader_params/thickFactor = 0.02
shader_params/downMovement = 0.195
shader_params/timeScale = 6.755
shader_params/uvScale = null
shader_params/yScale = 0.31
shader_params/u_globalmap_tint_bottom = null
shader_params/u_globalmap_tint_top = null
shader_params/u_bottom_ao = null
shader_params/u_instance_scale = null
shader_params/u_roughness = null
shader_params/_normal = null
shader_params/windNoise = SubResource("NoiseTexture2D_2sjw3")
metadata/_editor_icon = ExtResource("6_4lwod")

[node name="Camera3D" type="Camera3D" parent="."]
transform = Transform3D(0.923612, 0.0760234, 0.375714, 0, 0.980136, -0.198325, -0.383328, 0.183175, 0.905266, 214.011, 54.4029, 329.872)

[node name="WorldEnvironment" type="WorldEnvironment" parent="."]
environment = SubResource("Environment_ge5sk")

[node name="DirectionalLight3D" type="DirectionalLight3D" parent="."]
transform = Transform3D(1, 0, 0, 0, -0.9972, -0.0747873, 0, 0.0747873, -0.9972, 0, 0, 0)

[node name="ProtonScatter" type="Node3D" parent="."]
transform = Transform3D(1, 0, 0, 0, 1, 0, 0, 0, 1, 199.64, 47.1715, 288.903)
script = ExtResource("9_7njrj")
modifier_stack = SubResource("Resource_1x02c")
Performance/use_chunks = true
Performance/chunk_dimensions = Vector3(15, 15, 15)

[node name="ScatterItem" type="Node3D" parent="ProtonScatter"]
script = ExtResource("15_vl3sg")
path = "res://addons/proton_scatter/demos/assets/pine_tree.tscn"

[node name="ScatterShape" type="Node3D" parent="ProtonScatter"]
transform = Transform3D(1, 0, -2.98023e-08, 0, 1, 0, 2.98023e-08, 0, 1, 0, 0, 0)
script = ExtResource("16_nc817")
shape = SubResource("Resource_g8bsm")
